%YAML 1.1
%TAG !u! tag:unity3d.com,2011:
--- !u!29 &1
OcclusionCullingSettings:
  m_ObjectHideFlags: 0
  serializedVersion: 2
  m_OcclusionBakeSettings:
    smallestOccluder: 5
    smallestHole: 0.25
    backfaceThreshold: 100
  m_SceneGUID: 00000000000000000000000000000000
  m_OcclusionCullingData: {fileID: 0}
--- !u!104 &2
RenderSettings:
  m_ObjectHideFlags: 0
  serializedVersion: 8
  m_Fog: 0
  m_FogColor: {r: 0.5, g: 0.5, b: 0.5, a: 1}
  m_FogMode: 3
  m_FogDensity: 0.01
  m_LinearFogStart: 0
  m_LinearFogEnd: 300
  m_AmbientSkyColor: {r: 0.212, g: 0.227, b: 0.259, a: 1}
  m_AmbientEquatorColor: {r: 0.114, g: 0.125, b: 0.133, a: 1}
  m_AmbientGroundColor: {r: 0.047, g: 0.043, b: 0.035, a: 1}
  m_AmbientIntensity: 1
  m_AmbientMode: 3
  m_SubtractiveShadowColor: {r: 0.42, g: 0.478, b: 0.627, a: 1}
  m_SkyboxMaterial: {fileID: 0}
  m_HaloStrength: 0.5
  m_FlareStrength: 1
  m_FlareFadeSpeed: 3
  m_HaloTexture: {fileID: 0}
  m_SpotCookie: {fileID: 10001, guid: 0000000000000000e000000000000000, type: 0}
  m_DefaultReflectionMode: 0
  m_DefaultReflectionResolution: 128
  m_ReflectionBounces: 1
  m_ReflectionIntensity: 1
  m_CustomReflection: {fileID: 0}
  m_Sun: {fileID: 0}
  m_IndirectSpecularColor: {r: 0, g: 0, b: 0, a: 1}
--- !u!157 &3
LightmapSettings:
  m_ObjectHideFlags: 0
  serializedVersion: 11
  m_GIWorkflowMode: 1
  m_GISettings:
    serializedVersion: 2
    m_BounceScale: 1
    m_IndirectOutputScale: 1
    m_AlbedoBoost: 1
    m_TemporalCoherenceThreshold: 1
    m_EnvironmentLightingMode: 0
    m_EnableBakedLightmaps: 0
    m_EnableRealtimeLightmaps: 0
  m_LightmapEditorSettings:
    serializedVersion: 9
    m_Resolution: 2
    m_BakeResolution: 40
    m_TextureWidth: 1024
    m_TextureHeight: 1024
    m_AO: 0
    m_AOMaxDistance: 1
    m_CompAOExponent: 1
    m_CompAOExponentDirect: 0
    m_Padding: 2
    m_LightmapParameters: {fileID: 0}
    m_LightmapsBakeMode: 1
    m_TextureCompression: 1
    m_FinalGather: 0
    m_FinalGatherFiltering: 1
    m_FinalGatherRayCount: 256
    m_ReflectionCompression: 2
    m_MixedBakeMode: 2
    m_BakeBackend: 0
    m_PVRSampling: 1
    m_PVRDirectSampleCount: 32
    m_PVRSampleCount: 500
    m_PVRBounces: 2
    m_PVRFilterTypeDirect: 0
    m_PVRFilterTypeIndirect: 0
    m_PVRFilterTypeAO: 0
    m_PVRFilteringMode: 1
    m_PVRCulling: 1
    m_PVRFilteringGaussRadiusDirect: 1
    m_PVRFilteringGaussRadiusIndirect: 5
    m_PVRFilteringGaussRadiusAO: 2
    m_PVRFilteringAtrousPositionSigmaDirect: 0.5
    m_PVRFilteringAtrousPositionSigmaIndirect: 2
    m_PVRFilteringAtrousPositionSigmaAO: 1
    m_ShowResolutionOverlay: 1
  m_LightingDataAsset: {fileID: 0}
  m_UseShadowmask: 1
--- !u!196 &4
NavMeshSettings:
  serializedVersion: 2
  m_ObjectHideFlags: 0
  m_BuildSettings:
    serializedVersion: 2
    agentTypeID: 0
    agentRadius: 0.5
    agentHeight: 2
    agentSlope: 45
    agentClimb: 0.4
    ledgeDropHeight: 0
    maxJumpAcrossDistance: 0
    minRegionArea: 2
    manualCellSize: 0
    cellSize: 0.16666667
    manualTileSize: 0
    tileSize: 256
    accuratePlacement: 0
    debug:
      m_Flags: 0
  m_NavMeshData: {fileID: 0}
--- !u!1 &535588109
GameObject:
  m_ObjectHideFlags: 0
  m_PrefabParentObject: {fileID: 0}
  m_PrefabInternal: {fileID: 0}
  serializedVersion: 5
  m_Component:
  - component: {fileID: 535588113}
  - component: {fileID: 535588112}
  - component: {fileID: 535588111}
  - component: {fileID: 535588110}
  m_Layer: 0
  m_Name: Main Camera
  m_TagString: MainCamera
  m_Icon: {fileID: 0}
  m_NavMeshLayer: 0
  m_StaticEditorFlags: 0
  m_IsActive: 1
--- !u!81 &535588110
AudioListener:
  m_ObjectHideFlags: 0
  m_PrefabParentObject: {fileID: 0}
  m_PrefabInternal: {fileID: 0}
  m_GameObject: {fileID: 535588109}
  m_Enabled: 1
--- !u!124 &535588111
Behaviour:
  m_ObjectHideFlags: 0
  m_PrefabParentObject: {fileID: 0}
  m_PrefabInternal: {fileID: 0}
  m_GameObject: {fileID: 535588109}
  m_Enabled: 1
--- !u!20 &535588112
Camera:
  m_ObjectHideFlags: 0
  m_PrefabParentObject: {fileID: 0}
  m_PrefabInternal: {fileID: 0}
  m_GameObject: {fileID: 535588109}
  m_Enabled: 1
  serializedVersion: 2
  m_ClearFlags: 1
  m_BackGroundColor: {r: 0.19215687, g: 0.3019608, b: 0.4745098, a: 0}
  m_NormalizedViewPortRect:
    serializedVersion: 2
    x: 0
    y: 0
    width: 1
    height: 1
  near clip plane: 0.3
  far clip plane: 1000
  field of view: 60
  orthographic: 1
  orthographic size: 5
  m_Depth: -1
  m_CullingMask:
    serializedVersion: 2
    m_Bits: 4294967295
  m_RenderingPath: -1
  m_TargetTexture: {fileID: 0}
  m_TargetDisplay: 0
  m_TargetEye: 3
  m_HDR: 1
  m_AllowMSAA: 1
  m_AllowDynamicResolution: 0
  m_ForceIntoRT: 0
  m_OcclusionCulling: 1
  m_StereoConvergence: 10
  m_StereoSeparation: 0.022
--- !u!4 &535588113
Transform:
  m_ObjectHideFlags: 0
  m_PrefabParentObject: {fileID: 0}
  m_PrefabInternal: {fileID: 0}
  m_GameObject: {fileID: 535588109}
  m_LocalRotation: {x: 0, y: 0, z: 0, w: 1}
  m_LocalPosition: {x: 0, y: 0, z: -10}
  m_LocalScale: {x: 1, y: 1, z: 1}
  m_Children: []
  m_Father: {fileID: 0}
  m_RootOrder: 0
  m_LocalEulerAnglesHint: {x: 0, y: 0, z: 0}
--- !u!1 &1068975763
GameObject:
  m_ObjectHideFlags: 0
  m_PrefabParentObject: {fileID: 0}
  m_PrefabInternal: {fileID: 0}
  serializedVersion: 5
  m_Component:
  - component: {fileID: 1068975765}
  - component: {fileID: 1068975764}
  m_Layer: 0
  m_Name: GameManager
  m_TagString: Untagged
  m_Icon: {fileID: 0}
  m_NavMeshLayer: 0
  m_StaticEditorFlags: 0
  m_IsActive: 1
--- !u!114 &1068975764
MonoBehaviour:
  m_ObjectHideFlags: 0
  m_PrefabParentObject: {fileID: 0}
  m_PrefabInternal: {fileID: 0}
  m_GameObject: {fileID: 1068975763}
  m_Enabled: 1
  m_EditorHideFlags: 0
  m_Script: {fileID: 11500000, guid: d5194ff52825342499928b99d4e4cabc, type: 3}
  m_Name: 
  m_EditorClassIdentifier: 
  modifierDatabases:
    AttackSpeed: {fileID: 11400000, guid: 4d909683c98e8df489926d76d9e8577c, type: 2}
    Range: {fileID: 11400000, guid: d5ac52c3c794ddd43a8dbee6c1b9ca33, type: 2}
    CritChance: {fileID: 11400000, guid: fbe8a48cba4850f4f91352b95a416fa2, type: 2}
    CritMultiplier: {fileID: 11400000, guid: e2753b6d76e3df049b1697a6aa28307b, type: 2}
    PhysDamage: {fileID: 11400000, guid: 2ccca0c9105b12f4d824a8f28b700272, type: 2}
    BleedChance: {fileID: 11400000, guid: 574a22f173171534ca6e6b7cf536b1be, type: 2}
    BleedDamage: {fileID: 11400000, guid: 8b33fcd418fc3684a916cf73f5abb924, type: 2}
    FireDamage: {fileID: 11400000, guid: e9a13b1f210bcf04eaf14fa929f78ef1, type: 2}
    BurnChance: {fileID: 11400000, guid: afbbeda092c0d824498fdc125cb2c60b, type: 2}
    BurnDamage: {fileID: 11400000, guid: 80a7b2f455749e448bc0eeed32b3844e, type: 2}
    ColdDamage: {fileID: 11400000, guid: ae5b15b320f0b1d47aa7ac9896497fa4, type: 2}
    FrostbiteChance: {fileID: 11400000, guid: 54e66f6882f3b684da97880bd548760e, type: 2}
    FrostbiteStrength: {fileID: 11400000, guid: 6e4113178d437ce4d86eed28c366da79,
      type: 2}
    ElectricDamage: {fileID: 11400000, guid: 3b4d924afba48824187c20d61f6ba68c, type: 2}
    StunChance: {fileID: 11400000, guid: 45214f16c23ffbb4cafb1b1559a364b7, type: 2}
    StunDuration: {fileID: 11400000, guid: 9b4148f1677498e448a6621e948ebdd1, type: 2}
    ProjectileChain: {fileID: 11400000, guid: 07a42fb05d9b96846a61398bcac001dc, type: 2}
    ProjectileSplash: {fileID: 11400000, guid: 47c6d6868c56de54098f30a58c010b90, type: 2}
    ProjectilePierce: {fileID: 11400000, guid: 4c48c71602ad9c348bafa94e6e674b2e, type: 2}
    ProjectileSpeed: {fileID: 11400000, guid: 0b929910b4e43d54d80ae7c6d1a19927, type: 2}
    FlatPhysicalDamage: {fileID: 11400000, guid: 7d7b87ee8917320428e00b934c94b679,
      type: 2}
    FlatColdDamage: {fileID: 11400000, guid: 0ed96d799f691c343a1f6ba4c223ae05, type: 2}
    FlatFireDamage: {fileID: 11400000, guid: ec213c1af00de184ca029310423500fc, type: 2}
    FlatElectricalDamage: {fileID: 11400000, guid: b73e7c91a70de6840a3eff960791b803,
      type: 2}
--- !u!4 &1068975765
Transform:
  m_ObjectHideFlags: 0
  m_PrefabParentObject: {fileID: 0}
  m_PrefabInternal: {fileID: 0}
  m_GameObject: {fileID: 1068975763}
  m_LocalRotation: {x: 0, y: 0, z: 0, w: 1}
  m_LocalPosition: {x: -0.43872064, y: 0.64600515, z: -0.00390625}
  m_LocalScale: {x: 1, y: 1, z: 1}
  m_Children: []
  m_Father: {fileID: 0}
  m_RootOrder: 2
  m_LocalEulerAnglesHint: {x: 0, y: 0, z: 0}
--- !u!1 &1424966215
GameObject:
  m_ObjectHideFlags: 0
  m_PrefabParentObject: {fileID: 0}
  m_PrefabInternal: {fileID: 0}
  serializedVersion: 5
  m_Component:
  - component: {fileID: 1424966217}
  - component: {fileID: 1424966216}
  m_Layer: 0
  m_Name: GameObject
  m_TagString: Untagged
  m_Icon: {fileID: 0}
  m_NavMeshLayer: 0
  m_StaticEditorFlags: 0
  m_IsActive: 1
--- !u!114 &1424966216
MonoBehaviour:
  m_ObjectHideFlags: 0
  m_PrefabParentObject: {fileID: 0}
  m_PrefabInternal: {fileID: 0}
  m_GameObject: {fileID: 1424966215}
  m_Enabled: 1
  m_EditorHideFlags: 0
  m_Script: {fileID: 11500000, guid: ea9e8db4447c60b4ebe7a7dd1df08cb9, type: 3}
  m_Name: 
  m_EditorClassIdentifier: 
  towerModifiers: []
  attackSpeed:
    starting: 1
    flatAdded: 0
    addativeModifier: 1
    multiplicitiveModifier: 1
    final: 0
  range:
    starting: 5
    flatAdded: 0
    addativeModifier: 1
    multiplicitiveModifier: 1
    final: 0
  critChance:
    starting: 5
    flatAdded: 0
    addativeModifier: 1
    multiplicitiveModifier: 1
    final: 0
  critMultiplier:
    starting: 150
    flatAdded: 0
    addativeModifier: 1
    multiplicitiveModifier: 1
    final: 0
  physMinDamage:
    starting: 10
    flatAdded: 0
    addativeModifier: 1
    multiplicitiveModifier: 1
    final: 0
  physMaxDamage:
    starting: 12
    flatAdded: 0
    addativeModifier: 1
    multiplicitiveModifier: 1
    final: 0
  bleedChance:
    starting: 0
    flatAdded: 0
    addativeModifier: 1
    multiplicitiveModifier: 1
    final: 0
  bleedDamage:
    starting: 0
    flatAdded: 0
    addativeModifier: 1
    multiplicitiveModifier: 1
    final: 0
  fireMinDamage:
    starting: 0
    flatAdded: 0
    addativeModifier: 1
    multiplicitiveModifier: 1
    final: 0
  fireMaxDamage:
    starting: 0
    flatAdded: 0
    addativeModifier: 1
    multiplicitiveModifier: 1
    final: 0
  burnChance:
    starting: 0
    flatAdded: 0
    addativeModifier: 1
    multiplicitiveModifier: 1
    final: 0
  burnDamage:
    starting: 0
    flatAdded: 0
    addativeModifier: 1
    multiplicitiveModifier: 1
    final: 0
  coldMinDamage:
    starting: 0
    flatAdded: 0
    addativeModifier: 1
    multiplicitiveModifier: 1
    final: 0
  coldMaxDamage:
    starting: 0
    flatAdded: 0
    addativeModifier: 1
    multiplicitiveModifier: 1
    final: 0
  frostbiteChance:
    starting: 0
    flatAdded: 0
    addativeModifier: 0
    multiplicitiveModifier: 0
    final: 0
  frostbiteStrength:
    starting: 0
    flatAdded: 0
    addativeModifier: 0
    multiplicitiveModifier: 0
    final: 0
  electricMinDamage:
    starting: 0
    flatAdded: 0
    addativeModifier: 1
    multiplicitiveModifier: 1
    final: 0
  electricMaxDamage:
    starting: 0
    flatAdded: 0
    addativeModifier: 1
    multiplicitiveModifier: 1
    final: 0
  stunChance:
    starting: 0
    flatAdded: 0
    addativeModifier: 1
    multiplicitiveModifier: 1
    final: 0
  stunDuration:
    starting: 0
    flatAdded: 0
    addativeModifier: 1
    multiplicitiveModifier: 1
    final: 0
  projectileChain:
    starting: 0
    flatAdded: 0
    addativeModifier: 1
    multiplicitiveModifier: 1
    final: 0
  projectilePierce:
    starting: 0
    flatAdded: 0
    addativeModifier: 1
    multiplicitiveModifier: 1
    final: 0
  projectileSpeed:
    starting: 100
    flatAdded: 0
    addativeModifier: 1
    multiplicitiveModifier: 1
    final: 0
  projectileSplash:
    starting: 0
    flatAdded: 0
    addativeModifier: 1
    multiplicitiveModifier: 1
    final: 0
  towerData:
    itemLevel: 0
    towerDoesPhysDamage: 0
    towerDoesFireDamage: 0
    towerDoesColdDamage: 0
    towerDoesElectricalDamage: 0
    towerHasSplashArea: 0
    towerPierces: 0
    towerChains: 0
  towerRarity: 0
--- !u!4 &1424966217
Transform:
  m_ObjectHideFlags: 0
  m_PrefabParentObject: {fileID: 0}
  m_PrefabInternal: {fileID: 0}
  m_GameObject: {fileID: 1424966215}
  m_LocalRotation: {x: 0, y: 0, z: 0, w: 1}
  m_LocalPosition: {x: -0.4545435, y: 0.15549275, z: -0.0044824197}
  m_LocalScale: {x: 1, y: 1, z: 1}
  m_Children: []
  m_Father: {fileID: 0}
  m_RootOrder: 1
  m_LocalEulerAnglesHint: {x: 0, y: 0, z: 0}
